%% This BibTeX bibliography file was created using BibDesk.
%% https://bibdesk.sourceforge.io/

%% Created for Frederick Hobden (Q502246) at 2024-08-07 12:50:06 +0200 


%% Saved with string encoding Unicode (UTF-8) 



@url{cite-key,
	date-added = {2024-08-07 12:49:20 +0200},
	date-modified = {2024-08-07 12:49:52 +0200},
	keywords = {Open Robotics}}

@webpage{ROS,
	date-added = {2024-08-07 12:44:15 +0200},
	date-modified = {2024-08-07 12:46:38 +0200},
	keywords = {Open Robotics},
	lastchecked = {07.08.2024},
	rating = {0},
	read = {0},
	url = {https://ros.org/},
	year = {2021}}

@book{phd_thesis_markdown,
	abstract = {Template for writing a PhD thesis in Markdown, a super-friendly plain text format. Using Pandoc, the Markdown can be easily converted to popular formats such as LATEX, PDF, MS Word, HTML, etc.},
	author = {Tom Pollard; Marvin Reimer; David San; Arco Mul; Matthew Gwynfryn Thomas; Jakub Nowosad; Dennis Weissmann; W. Caleb McDaniel},
	day = {22},
	month = {07},
	publisher = {Tom Pollard},
	title = {Template for writing a PhD thesis in Markdown},
	type = {Book},
	url = {https://github.com/tompollard/phd_thesis_markdown/tree/v1.0},
	urldate = {2017-11-01},
	year = {2016},
	bdsk-url-1 = {https://github.com/tompollard/phd_thesis_markdown/tree/v1.0}}